#FLAGGA 0
#FORMAT PC8
#SIETYP 4
#PROGRAM "TestBokforing" 1.0
#GEN 20170220
#FNAMN "Exempel 1 AB"
#ORGNR 5569999999
#RAR 0 20160101 20161231
#RAR -1 20150101 20151231

#KONTO 3001 "Försäljning varor"
#KTYP 3001 I
#KONTO 3800 "Lagerförändring"
#KTYP 3800 I
#KONTO 3910 "Övriga rörelseintäkter"
#KTYP 3910 I

#KONTO 4010 "Råvaror och förnödenheter"
#KTYP 4010 K
#KONTO 4510 "Handelsvaror"
#KTYP 4510 K
#KONTO 5010 "Lokalhyra"
#KTYP 5010 K
#KONTO 7010 "Löner"
#KTYP 7010 K
#KONTO 7820 "Avskrivningar materiella anläggningstillgångar"
#KTYP 7820 K
#KONTO 7910 "Övriga rörelsekostnader"
#KTYP 7910 K

#KONTO 8010 "Resultat andelar i koncernföretag"
#KTYP 8010 I
#KONTO 8310 "Ränteintäkter"
#KTYP 8310 I
#KONTO 8510 "Räntekostnader"
#KTYP 8510 K

#KONTO 8811 "Avsättning periodiseringsfond"
#KTYP 8811 K
#KONTO 8851 "Förändring överavskrivningar"
#KTYP 8851 K
#KONTO 8800 "Inkomstskatt"
#KTYP 8800 K

#KONTO 1110 "Byggnader"
#KTYP 1110 T
#KONTO 1210 "Maskiner"
#KTYP 1210 T
#KONTO 1310 "Inventarier"
#KTYP 1310 T
#KONTO 1360 "Andra långfristiga värdepappersinnehav"
#KTYP 1360 T
#KONTO 1400 "Råvaror"
#KTYP 1400 T
#KONTO 1420 "Varor under tillverkning"
#KTYP 1420 T
#KONTO 1430 "Färdiga varor"
#KTYP 1430 T
#KONTO 1510 "Kundfordringar"
#KTYP 1510 T
#KONTO 1640 "Övriga fordringar"
#KTYP 1640 T
#KONTO 1910 "Förutbetalda kostnader"
#KTYP 1910 T
#KONTO 1970 "Kassa och bank"
#KTYP 1970 T

#KONTO 2081 "Aktiekapital"
#KTYP 2081 S
#KONTO 2086 "Reservfond"
#KTYP 2086 S
#KONTO 2091 "Balanserat resultat"
#KTYP 2091 S
#KONTO 2099 "Årets resultat"
#KTYP 2099 S
#KONTO 2112 "Periodiseringsfond"
#KTYP 2112 S
#KONTO 2153 "Ackumulerade överavskrivningar"
#KTYP 2153 S
#KONTO 2210 "Avsättning pensioner"
#KTYP 2210 S
#KONTO 2250 "Övriga avsättningar"
#KTYP 2250 S
#KONTO 2350 "Banklån långfristiga"
#KTYP 2350 S
#KONTO 2430 "Övriga långfristiga skulder"
#KTYP 2430 S
#KONTO 2440 "Leverantörsskulder"
#KTYP 2440 S
#KONTO 2510 "Skatteskulder"
#KTYP 2510 S
#KONTO 2650 "Övriga kortfristiga skulder"
#KTYP 2650 S
#KONTO 2910 "Upplupna kostnader"
#KTYP 2910 S

#RES 0 3001 -2650000.00
#RES 0 3800 -700000.00
#RES 0 3910 -377000.00
#RES 0 4010 1520000.00
#RES 0 4510 308000.00
#RES 0 5010 499000.00
#RES 0 7010 650000.00
#RES 0 7820 340000.00
#RES 0 7910 205000.00
#RES 0 8010 -1543000.00
#RES 0 8310 -12000.00
#RES 0 8510 275000.00
#RES 0 8811 70000.00
#RES 0 8851 51000.00
#RES 0 8800 90000.00

#RES -1 3001 -2250000.00
#RES -1 3800 -1125000.00
#RES -1 3910 -1000000.00
#RES -1 4010 1267000.00
#RES -1 4510 1081000.00
#RES -1 5010 730000.00
#RES -1 7010 653000.00
#RES -1 7820 210000.00
#RES -1 7910 170000.00
#RES -1 8010 -1103000.00
#RES -1 8310 -7000.00
#RES -1 8510 190000.00
#RES -1 8811 25000.00
#RES -1 8851 30000.00
#RES -1 8800 30000.00

#UB 0 1110 1620000.00
#UB 0 1210 860000.00
#UB 0 1310 240000.00
#UB 0 1360 2000000.00
#UB 0 1400 510000.00
#UB 0 1420 240000.00
#UB 0 1430 750000.00
#UB 0 1510 1393000.00
#UB 0 1640 20000.00
#UB 0 1910 30000.00
#UB 0 1970 110000.00
#UB 0 2081 -100000.00
#UB 0 2086 -5000.00
#UB 0 2091 -1011000.00
#UB 0 2099 -1274000.00
#UB 0 2112 -169000.00
#UB 0 2153 -121000.00
#UB 0 2210 -770000.00
#UB 0 2250 -100000.00
#UB 0 2350 -2193000.00
#UB 0 2430 -100000.00
#UB 0 2440 -855000.00
#UB 0 2510 -130000.00
#UB 0 2650 -492000.00
#UB 0 2910 -453000.00

#UB -1 1110 1450000.00
#UB -1 1210 260000.00
#UB -1 1310 100000.00
#UB -1 1360 2250000.00
#UB -1 1400 350000.00
#UB -1 1420 150000.00
#UB -1 1430 300000.00
#UB -1 1510 937000.00
#UB -1 1640 15000.00
#UB -1 1910 25000.00
#UB -1 1970 170000.00
#UB -1 2081 -100000.00
#UB -1 2086 -5000.00
#UB -1 2091 -1011000.00
#UB -1 2099 -1099000.00
#UB -1 2112 -99000.00
#UB -1 2153 -70000.00
#UB -1 2210 -650000.00
#UB -1 2250 -65000.00
#UB -1 2350 -1513000.00
#UB -1 2430 -180000.00
#UB -1 2440 -641000.00
#UB -1 2510 -35000.00
#UB -1 2650 -315000.00
#UB -1 2910 -224000.00
